<?xml version="1.0" encoding="UTF-8"?><collection xmlns="http://www.loc.gov/MARC21/slim"><record><leader>00756nam--2200217-u-4500</leader><controlfield tag="001">000050681</controlfield><controlfield tag="002">20161230</controlfield><controlfield tag="005">20161230201048</controlfield><controlfield tag="008">080312s1000------------r-----000-0-eng-d</controlfield><datafield ind1=" " ind2=" " tag="020"><subfield code="a">0471679410</subfield></datafield><datafield ind1=" " ind2=" " tag="040"><subfield code="a">IFIN-HH</subfield></datafield><datafield ind1=" " ind2=" " tag="080"><subfield code="a">535.3:612.84:535.8</subfield></datafield><datafield ind1="1" ind2=" " tag="100"><subfield code="a">Porter,Jason (ed.) s.a</subfield></datafield><datafield ind1="1" ind2="0" tag="245"><subfield code="a">Adaptive Optics for Vision Science</subfield><subfield code="b">Principles, Practices, Design, and Applications</subfield><subfield code="c">Jason Porter, Hope M. Queener; Julianna E. Lin; Karen Thorn, Abdul Awwal (Eds.)</subfield></datafield><datafield ind1=" " ind2=" " tag="260"><subfield code="a">Hoboken</subfield><subfield code="b">John Wiley &amp; Sons, Inc</subfield><subfield code="c">2006</subfield></datafield><datafield ind1=" " ind2=" " tag="300"><subfield code="a">591 p</subfield></datafield><datafield ind1=" " ind2=" " tag="490"><subfield code="a">Wiley Series in Microwave and Optical Engineering</subfield></datafield><datafield ind1=" " ind2=" " tag="504"><subfield code="a">IncludesBibliographical References and Index</subfield></datafield><datafield ind1="1" ind2=" " tag="700"><subfield code="a">Awwal, Abdul</subfield><subfield code="e">Ed</subfield></datafield><datafield ind1=" " ind2=" " tag="852"><subfield code="a">82066</subfield><subfield code="c">535</subfield></datafield><datafield ind1=" " ind2=" " tag="CAT"><subfield code="a">Sys</subfield><subfield code="c">20101130</subfield><subfield code="h">114737</subfield></datafield></record></collection>